@ARTICLE{lu,
       author = {{Schwarzenberg-Czerny}, A.},
        title = "{On matrix factorization and efficient least squares solution.}",
      journal = {Astronomy and Astrophysics Supplement},
     keywords = {METHODS: NUMERICAL, METHODS: DATA ANALYSIS},
         year = "1995",
        month = "Apr",
       volume = {110},
        pages = {405},
       adsurl = {https://ui.adsabs.harvard.edu/abs/1995A&AS..110..405S},
      adsnote = {Provided by the SAO/NASA Astrophysics Data System}
}

@INPROCEEDINGS{compressedRowStorage,
    author = {Aydın Buluç and Jeremy T. Fineman and Matteo Frigo and John R. Gilbert and Charles E. Leiserson},
    title = {Parallel sparse matrix-vector and matrix-transpose-vector multiplication using compressed sparse blocks},
    booktitle = {IN SPAA},
    year = {2009},
    pages = {233--244},
    publisher = {}
}
